@book{Manetti-2014,
author = "Manetti, M.",
title = "{Topologia}",
doi = {10.1007/978-88-470-5662-6},
publisher = "Springer Milano",
year = "2014"
}
