@article{pauli,
  title = {The Connection Between Spin and Statistics},
  author = {Pauli, W.},
  journal = {Phys. Rev.},
  volume = {58},
  issue = {8},
  pages = {716--722},
  numpages = {0},
  year = {1940},
  month = {Oct},
  publisher = {American Physical Society},
  doi = {10.1103/PhysRev.58.716},
}

@book{peskin,
    author = "Peskin, M. E. and Schroeder, D. V.",
    title = "{An Introduction to Quantum Field Theory}",
    doi = "10.1201/9780429503559",
    isbn = "978-0-201-50397-5, 978-0-429-50355-9, 978-0-429-49417-8",
    publisher = "Addison-Wesley",
    address = "Reading, USA",
    year = "1995"
}

@book{itz-zub,
    author = "Itzykson, C. and Zuber, J. B.",
    title = "{Quantum Field Theory}",
    isbn = "978-0-486-44568-7",
    publisher = "McGraw-Hill",
    address = "New York",
    year = "1980"
}

@article{faddeev-popov,
    author = "Faddeev, L. D. and Popov, V. N.",
    title = "{Feynman Diagrams for the Yang-Mills Field}",
    doi = "10.1016/0370-2693(67)90067-6",
    journal = "Phys. Lett. B",
    volume = "25",
    pages = "29--30",
    year = "1967"
}
