@article{Catani-2001,
title={One-loop singular behaviour of QCD and SUSY QCD amplitudes with massive partons},
volume={500},
ISSN={0370-2693},
DOI={10.1016/s0370-2693(01)00065-x},
number={1–2},
journal={Physics Letters B},
publisher={Elsevier BV},
author={Catani, Stefano and Dittmaier, Stefan and Trócsányi, Zoltán},
year={2001},
month=feb, pages={149–160} 
}

@article{thooft-1972,
title = {Regularization and renormalization of gauge fields},
journal = {Nuclear Physics B},
volume = {44},
number = {1},
pages = {189-213},
year = {1972},
issn = {0550-3213},
doi = {10.1016/0550-3213(72)90279-9},
author = {G. {'t Hooft} and M. Veltman},
}

@article{Catani-1998,
title={The singular behaviour of QCD amplitudes at two-loop order},
volume={427},
ISSN={0370-2693},
url={10.1016/S0370-2693(98)00332-3},
DOI={10.1016/s0370-2693(98)00332-3},
number={1–2},
journal={Physics Letters B},
publisher={Elsevier BV},
author={Catani, Stefano},
year={1998},
month=may, pages={161–171} }

@article{Utiyama-1956,
author = "Utiyama, Ryoyu",
title = "{Invariant Theoretical Interpretation of Interaction}",
doi = "10.1103/PhysRev.101.1597",
journal = "Phys. Rev.",
volume = "101",
pages = "1597--1607",
year = "1956"
}

@article{Yang-1954,
author = "Yang, Chen-Ning and Mills, Robert L.",
title = "{Conservation of Isotopic Spin and Isotopic Gauge Invariance}",
doi = "10.1103/PhysRev.96.191",
journal = "Phys. Rev.",
volume = "96",
pages = "191--195",
year = "1954"
}

@book{Weinberg-1996,
author = "Weinberg, Steven",
title = "{The Quantum Theory of Fields. Vol. 2: Modern Applications}",
doi = "10.1017/CBO9781139644174",
isbn = "978-1-139-63247-8, 978-0-521-67054-8, 978-0-521-55002-4",
publisher = "Cambridge University Press",
month = "8",
year = "2013"
}
