% standard model

@article{Glashow-1961,
title = {Partial-symmetries of weak interactions},
journal = {Nuclear Physics},
volume = {22},
number = {4},
pages = {579-588},
year = {1961},
issn = {0029-5582},
doi = {10.1016/0029-5582(61)90469-2},
author = {S. L. Glashow},
}

@article{Salam-1964,
title = {Electromagnetic and weak interactions},
journal = {Physics Letters},
volume = {13},
number = {2},
pages = {168-171},
year = {1964},
issn = {0031-9163},
doi = {10.1016/0031-9163(64)90711-5},
author = {A. Salam and J.C. Ward}
}

@article{Weinberg-1967,
title = {A Model of Leptons},
author = {Weinberg, S.},
journal = {Phys. Rev. Lett.},
volume = {19},
issue = {21},
pages = {1264--1266},
year = {1967},
month = {Nov},
doi = {10.1103/PhysRevLett.19.1264},
}

@article{Fritzsch-1973,
title = {Advantages of the color octet gluon picture},
journal = {Physics Letters B},
volume = {47},
number = {4},
pages = {365-368},
year = {1973},
issn = {0370-2693},
doi = {10.1016/0370-2693(73)90625-4},
author = {H. Fritzsch and M. Gell-Mann and H. Leutwyler},
}

@article{Fritzsch-1972,
author = "Fritzsch, H. and Gell-Mann, M.",
title = "{Current algebra: Quarks and what else?}",
eprint = "hep-ph/0208010",
archivePrefix = "arXiv",
journal = "eConf",
volume = "C72090-6V2",
pages = "135--165",
year = "1972"
}

@article{Higgs-1964-1,
author = "Higgs, P. W.",
title = "{Broken symmetries, massless particles and gauge fields}",
doi = "10.1016/0031-9163(64)91136-9",
journal = "Phys. Lett.",
volume = "12",
pages = "132--133",
year = "1964"
}

@article{Higgs-1964-2,
title = {Broken Symmetries and the Masses of Gauge Bosons},
author = {Higgs, P. W.},
journal = {Phys. Rev. Lett.},
volume = {13},
issue = {16},
pages = {508--509},
year = {1964},
month = {Oct},
doi = {10.1103/PhysRevLett.13.508},
}

@article{Englert-1964,
title = {Broken Symmetry and the Mass of Gauge Vector Mesons},
author = {Englert, F. and Brout, R.},
journal = {Phys. Rev. Lett.},
volume = {13},
issue = {9},
pages = {321--323},
year = {1964},
month = {Aug},
doi = {10.1103/PhysRevLett.13.321},
}

@article{Guralnik-1964,
title = {Global Conservation Laws and Massless Particles},
author = {Guralnik, G. S. and Hagen, C. R. and Kibble, T. W. B.},
journal = {Phys. Rev. Lett.},
volume = {13},
issue = {20},
pages = {585--587},
year = {1964},
month = {Nov},
doi = {10.1103/PhysRevLett.13.585},
}

% higgs boson

 @article{ATLAS-2012,
title = {Observation of a new particle in the search for the Standard Model Higgs boson with the ATLAS detector at the LHC},
journal = {Physics Letters B},
volume = {716},
number = {1},
pages = {1-29},
year = {2012},
issn = {0370-2693},
doi = {10.1016/j.physletb.2012.08.020},
author = {ATLAS Collaboration}
}
@article{CMS-2012,
title = {Observation of a new boson at a mass of 125 GeV with the CMS experiment at the LHC},
journal = {Physics Letters B},
volume = {716},
number = {1},
pages = {30-61},
year = {2012},
issn = {0370-2693},
doi = {10.1016/j.physletb.2012.08.021},
author = {CMS Collaboration}
}

% beyond standard model

@article{CMS-ATLAS-SUSY,
author = {ATLAS and CMS Collaboration},
title = {LHC results and prospects: Beyond Standard Model},
year = {2014},
eprint = {1404.7311},
archivePrefix = {arXiv},
primaryClass = {hep-ex},
url={https://arxiv.org/abs/1404.7311}
}

@article{Bsekidt-2012,
author = {Beskidt, C. and de Boer, W. and Kazakov, D. I. and Ratnikov, F.},
title = {Constraints on Supersymmetry from LHC data on SUSY searches and Higgs bosons combined with cosmology and direct dark matter searches},
journal = {European Physical Journal C},
volume = {72},
number = {2166},
year = {2012},
doi = {10.1140/epjc/s10052-012-2166-z},
}

@article{Ghosh-2025,
title = {Revisiting the LHC constraints on gauge-mediated supersymmetry breaking scenarios},
author = {Ghosh, K. and Huitu, K. and Sahu, R.},
journal = {Phys. Rev. D},
volume = {111},
issue = {7},
pages = {075011},
numpages = {20},
year = {2025},
month = {Apr},
doi = {10.1103/PhysRevD.111.075011},
}

@article{Crivellin-2015,
title = {LHC constraints on gauge boson couplings to dark matter},
author = {Crivellin, A. and Haisch, U. and Hibbs, A.},
journal = {Phys. Rev. D},
volume = {91},
issue = {7},
pages = {074028},
numpages = {10},
year = {2015},
month = {Apr},
doi = {10.1103/PhysRevD.91.074028},
}
